@article{AquaticSystems,
 author={Barnes  , M.A},
 title={Environmental {Conditions} {Influence} {e-DNA} {Persistence} in {Aquatic} {Systems}},
 journal={Environmental Science and Technology},
 volume={48},
 pages={1819-1827},
 year={2014}}

 
@article{MarineSystems,
title = {Persistence of {Environmental} {DNA} in {Marine} {Systems}},
author = {Collins, Rupert and Wangensteen, Owen and O’Gorman, Eoin and Mariani, Stefano and Sims, David and Genner, Martin},
pages = {},
year = {2018},
month = {12},
volume = {1},
journal = {Communications Biology},
}

@article{ednaDensity,}
title={An {Analytical} {Framework} for {Estimating} {Aquatic} {Species} {Density} from {Environmental} {DNA}
},
author={Chambert T},
volume={8},
pages={3468-3477},
journal={Ecology and Evolution},
year={2018},
month={3},
volume={8}


@article{speciesDetection,
author = {Ficetola, Gentile Francesco and Miaud, Claude and Pompanon, Francois and Taberlet, Pierre},
year = {2008},
month = {09},
pages = {423-5},
title = {Species {Detection} using {Environmental} {DNA} from {Water} {Samples}},
volume = {4},
journal = {Biology letters},
doi = {10.1098/rsbl.2008.0118}
}

@article{ednaMonitoring,
title={Environmental {DNA}-An {Emerging} {Tool} in {Conservation} for {Monitoring} {Past} and {Present} {Biodiversity}},
author={Thomsen and Willerslev},
journal={Biological Conservation},
year={2015},
month={3},
volume={183},
pages={4-18}}

@article{ednaPH,
title={Effects of {Water} {pH} and {Proteinase} {K} {Treatment} on the {Yield} of {Environmental} {DNA} from {Water} {Samples}},
author={Tsuji, Satsuki
and Yamanaka, Hiroki
and Minamoto, Toshifumi},
journal={Limnology},
year={2017},
month={1},
volume={18}}






@article{dropletqpcr,
author = {Hindson, Benjamin J. and Ness},
title = {High-{Throughput} {Droplet} {Digital} {PCR} {System} for {Absolute} {Quantitation} of {DNA} {Copy} {Number}},
journal = {Analytical Chemistry},
volume = {83},
number = {22},
pages = {8604-8610},
year = {2011}}


@article {parasite,
	author = {Berger, Chloe Suzanne and Aubin-Horth, Nadia},
	title = {An {eDNA-qPCR} {Assay} to {Detect} the {Presence} of the {Parasite} {Schistocephalus} solidus inside its {Threespine} {Stickleback} {Host}},
	volume = {221},
	number = {9},
     year = {2018},
  journal = {Journal of Experimental Biology},
}


@article{introqpcr,
  title={A {Basic} {Guide} to {Real} {Time} {PCR} in {Microbial} {Diagnostics}: {Definitions}, {Parameters}, and {Everything}},
  author={Petr Kralik and Matteo Ricchi},
  booktitle={Front. Microbiol.},
  year={2017},
  journal={Frontiers in Microbiology}
}

@article{forestry,
author = {Coble, Ashley and Flinders, Camille and Homyack, Jessica and Penaluna, Brooke and Cronn, Richard and Weitemier, Kevin},
year = {2018},
month = {08},
pages = {},
title = {{eDNA} as a {Tool} for {Identifying} {Freshwater} {Species} in {Sustainable} {Forestry}: A {Critical} {Review} and {Potential} {Future} {Applications}},
volume = {649},
journal = {Science of The Total Environment},
doi = {10.1016/j.scitotenv.2018.08.370}
}


@article{crayfish,
author = {Dunn, Nicholas and Priestley, Victoria and Herraiz, Alba and Arnold, Richard and Savolainen, Vincent},
year = {2017},
month = {08},
title = {Behavior and {Season} affect {Crayfish} {Detection} and {Density} {Inference} using {Environmental} {DNA}},
volume = {7},
journal = {Ecology and Evolution},
}



@article{fishabundance,
author = {Lacoursiere-Roussel, Anais and Rosabal, Maikel and Bernatchez, Louis},
title = {Estimating {Fish} {Abundance} and {Biomass} from {eDNA} {Concentrations}: {Variability} among {Capture} {Methods} and {Environmental} {Conditions}},
journal = {Molecular Ecology Resources},
volume = {16},
number = {6},
pages = {1401-1414},
keywords = {conservation genetics, fish, qPCR, salmonid, species detection, water sampling},
year = {2016}
}



@article{usesofedna,
author = {Cristescu, Melania and Hebert, Paul},
year = {2018},
month = {11},
pages = {},
title = {Uses and {Misuses} of {Environmental} {DNA} in {Biodiversity} {Science} and {Conservation}},
volume = {49},
journal = {Annual Review of Ecology, Evolution, and Systematics},
doi = {10.1146/annurev-ecolsys-110617-062306}
}



@article{freshwater,
author = {Piggott, Maxine},
year = {2016},
month = {03},
pages = {},
title = {Evaluating the effects of {Laboratory} {Protocols} on {eDNA} {Detection} {Probability} for an {Endangered} {Freshwater} {Fish}},
volume = {6},
journal = {Ecology and Evolution},
doi = {10.1002/ece3.2083}
}





@article{carp,
author = {Ghosal, Ratna and Eichmiller, Jessica and Witthuhn, Bruce and Sorensen, Peter},
year = {2018},
month = {06},
pages = {},
title = {Attracting {Common} {Carp} to a {Bait} {Site} with {Food} {Reveals} {Strong} {Positive} {Relationships} between {Fish} {Density}, {Feeding} {Activity}, {Environmental} {DNA}, and {Sex} {Pheromone} {Release} that could be used in {Invasive} {Fish} {Management}},
volume = {8},
journal = {Ecology and Evolution},
doi = {10.1002/ece3.4169}
}




@article{geneexpression,
author = {Livak, Kenneth and Schmittgen, Thomas},
year = {2002},
month = {01},
pages = {402-8},
title = {Analysis of {Relative} {Gene} {Expression} {Data} using {Real}-{Time} {Quantitative} {PCR}},
volume = {25},
journal = {Methods (San Diego, Calif.)},
doi = {10.1006/meth.2001.1262}
}



@article{salmonabundance,
author = {Tillotson, Michael and Kelly, Ryan and Duda, Jeffrey and Hoy, Marshal and Kralj, James and Quinn, Thomas},
year = {2018},
month = {04},
pages = {1-11},
title = {Concentrations of {Environmental} {DNA} ({eDNA}) {Reflect} {Spawning} {Salmon} {Abundance} at {Fine} {Spatial} and {Temporal} {Scales}},
volume = {220},
journal = {Biological Conservation},
doi = {10.1016/j.biocon.2018.01.030}
}



@article{soil,
author = {Yoccoz, Nigel and Brathen, Kari and Gielly, Ludovic and Haile, James and Edwards, Mary and Goslar, Tomasz and Stedingk, H and Brysting, A and Coissac, Wric and Pompanon, Francois and Sonstebo, Jorn Henrik and Miquel, C and Valentini, Alice and Bello, F and Chave, J and Thuiller, Wilfried and Wincker, P and Cruaud, C and Gavory, F and Taberlet, Pierre},
year = {2012},
month = {04},
pages = {3647-55},
title = {DNA from {Soil} {Mirrors} {Plant} {Taxonomic} and {Growth} form {Diversity}},
volume = {21},
journal = {Molecular ecology},
doi = {10.1111/j.1365-294X.2012.05545.x}
}




@article{terrestrial,
author = {Williams, Kelly and Huyvaert, Kathryn (Kate) and Vercauteren, Kurt and Davis, Amy and Piaggio, Antoinette},
year = {2017},
month = {12},
pages = {},
title = {Detection and {Persistence} of {Environmental} {DNA} from an {Invasive}, {Terrestrial} {Mammal}},
volume = {8},
journal = {Ecology and Evolution},
doi = {10.1002/ece3.3698}
}


@article{foodscience,
author = {Rodriguez-Lazaro, David and Hernandez, Marta},
year = {2013},
month = {03},
pages = {25-38},
title = {Real-time {PCR} in {Food} {Science}: Introduction},
volume = {15},
journal = {Current issues in molecular biology}
}


@book{statisticallearning,
  address = {New York, NY, USA},
  author = {Hastie, Trevor and Tibshirani, Robert and Friedman, Jerome},
  biburl = {https://www.bibsonomy.org/bibtex/2f58afc5c9793fcc8ad8389824e57984c/sb3000},
  keywords = {ml statistics},
  publisher = {Springer New York Inc.},
  series = {Springer Series in Statistics},
  timestamp = {2008-05-16T16:17:43.000+0200},
  title = {The {Elements} of {Statistical} {Learning}},
  year ={2001}
}


@article{biomass,
author = {Takahara, Teruhiko and Minamoto, Toshifumi and Yamanaka, Hiroki and Doi, Hideyuki and Kawabata, Zen'ichiro},
year = {2012},
month = {04},
pages = {e35868},
title = {Estimation of {Fish} {Biomass} Using {Environmental} {DNA}},
volume = {7},
journal = {PloS one},
doi = {10.1371/journal.pone.0035868}
}


@article{standardCurve,
 title = {A {Standard} {Curve} based {Method} for {Relative} {Real} {Time} {PCR} {Data} {Processing}},
 author = {Alexey Larionov and Andreas Krause and William Miller},
  year = {2005}, 
 month     = {01}, 
 day = {1}, 
 doi = {10.1186/1471-2105-6-62},
 volume    = {6}, 
 pages     = {62},  
journal   = {BMC Bioinformatics},
 publisher = {BioMed Central}
}



@article{pythons,
author = {Hunter, Margaret and Oyler-McCance, Sara and Dorazio, Robert and Fike, Jennifer and Smith, Brian and Hunter, Charles and Reed, Robert and Hart, Kristen},
year = {2015},
month = {04},
title = {Environmental {DNA} ({eDNA}) {Sampling} {Improves} {Occurrence} and {Detection} {Estimates} of {Invasive} {Burmese} {Pythons}},
volume = {10},
journal = {PLoS ONE},
doi = {10.1371/journal.pone.0121655}
}



@article{standardPython,
author = {R.N. Reed and K.M. Hart and G.H. Rodda and F.J. Mazzotti},
year = {2011},
title = {A {Field} {Test} of {Attractant} {Traps} for {Invasive} {Burmese} pythons ({Python} molurus bivittatus) in {Southern} {Florida}},
volume = {38},
journal = {Wildlife Research},
}



@article{ctmethod,
author = {Schmittgen, Thomas and Livak, Kenneth},
year = {2008},
month = {02},
pages = {1101-8},
title = {Analyzing real-time {PCR} {Data} by the {Comparative} {CT} {Method}},
volume = {3},
journal = {Nature protocols},
doi = {10.1038/nprot.2008.73}
}


@article{independentreplicates,
author = {Willems, Erik and Leyns, Luc and Vandesompele, Jo},
year = {2008},
month = {09},
pages = {127-9},
title = {Standardization of real-time {PCR} {Gene} {Expression} {Data} from {Independent} {Biological} replicates},
volume = {379},
journal = {Analytical biochemistry},
doi = {10.1016/j.ab.2008.04.036}
}

@article{amphibianpathogen,
author = {Schmidt, Benedikt and Kery, Marc and Ursenbacher, Sylvain and Hyman, Oliver and JP, Collins},
year = {2013},
month = {07},
pages = {646–653},
title = {Site {Occupancy} {Models} in the analysis of {Environmental} {DNA} {Presence}/{Absence} {Surveys}: A case study of an {Emerging} {Amphibian} {Pathogen}},
volume = {4},
journal = {Methods in Ecology and Evolution},
doi = {10.1111/2041-210X.12052}
}


@article{mussels,
author = {Penarrubia, Luis and Alcaraz, Carles and Bij de Vaate, Abraham and Sanz, Núria and Pla, Carles and Vidal, Oriol and Viñas, Jordi},
year = {2016},
month = {12},
pages = {39067},
title = {Validated {Methodology} for quantifying {Infestation} levels of {Dreissenid} {Mussels} in {Environmental} {DNA} ({eDNA}) samples},
volume = {6},
journal = {Scientific Reports},
doi = {10.1038/srep39067}
}

@article{electrofishing,
author = {Snyder, Darrel},
year = {2003},
month = {12},
pages = {445-453},
title = {Invited overview: {Conclusions} from a {Review} of {Electrofishing} and its {Harmful} {Effects} on {Fish}},
volume = {13},
journal = {Reviews in Fish Biology and Fisheries},
doi = {10.1007/s11160-004-1095-9}
}



@article{silvercarp,
author = {Lance, Richard and Klymus, Katy and Richter, Catherine and Guan, Xin and Farrington, Heather and Carr, Matthew and Thompson, Nathan and Chapman, Duane and Baerwaldt, Kelly},
year = {2017},
month = {08},
pages = {343-359},
title = {Experimental {Observations} on the {Decay} of {Environmental} {DNA} from {Bighead} and {Silver} {Carps}},
volume = {8},
journal = {Management of Biological Invasions},
doi = {10.3391/mbi.2017.8.3.08}
}



@article{occupancy,
author = {Schmelzle, Molly and Kinziger, Andrew},
year = {2015},
month = {12},
pages = {},
title = {Using {Occupancy} {Modeling} to {Compare} {Environmental} {DNA} to {Traditional} {Field} {Methods} for {Regional}-{Scale} {Monitoring} of an {Endangered} {Aquatic} {Species}},
volume = {16},
journal = {Molecular ecology resources},
doi = {10.1111/1755-0998.12501}
}






@article{limitations,
author = {Rees, Helen and Gough, Kevin and Middleditch, David and Patmore, James and Maddison, Ben},
year = {2015},
month = {08},
pages = {},
title = {Applications and {Limitations} of {Measuring} {Environmental} {DNA} as {Indicators} of the {Presence} of {Aquatic} {Animals}},
volume = {52},
journal = {Journal of Applied Ecology},
doi = {10.1111/1365-2664.12467}
}





@article{critical,
author = {Goldberg, Caren},
year = {2016},
month = {07},
pages = {},
title = {Critical {Considerations} for the {Application} of {Environmental} {DNA} {Methods} to {Detect} {Aquatic} {Species}},
journal = {Methods in Ecology and Evolution}
}


@article{occupancyamphibians,
author = {Pilliod, David and Goldberg, Caren and Arkle, Robert and Waits, Lisette},
year = {2013},
month = {05},
pages = {1123},
title = {Estimating {Occupancy} and {Abundance} of {Stream} {Amphibians} using {Environmental} {DNA} from {Filtered} {Water} {Samples}},
volume = {70},
journal = {Canadian Journal of Fisheries and Aquatic Sciences},
doi = {10.1139/cjfas-2013-0047}
}





@article{schistosomiasis,
author = {Sengupta, Mita and Hellström, Micaela and Kariuki, Henry and Olsen, Annette and Thomsen, Philip and Mejer, Helena and Willerslev, Eske and Mwanje, Mariam and Madsen, Henry and Kristensen, Thomas and Stensgaard, Anna-Sofie and Vennervald, Birgitte},
year = {2019},
month = {04},
pages = {201815046},
title = {Environmental {DNA} for {Improved} {Detection} and {Environmental} {Surveillance} of schistosomiasis},
volume = {116},
journal = {Proceedings of the National Academy of Sciences},
doi = {10.1073/pnas.1815046116}
}


@article{ednatransport,
author = {Shogren, Arial and Tank, Jennifer and Allan, Elizabeth and Olds, Brett and Mahon, Andrew and Jerde, Christopher and Bolster, Diogo},
year = {2017},
month = {07},
pages = {5065},
title = {Controls on {eDNA} {Movement} in {Streams}: {Transport}, {Retention}, and {Resuspension} },
volume = {7},
journal = {Scientific Reports},
doi = {10.1038/s41598-017-05223-1}
}

@article{cupwater,
author = {Lodge, David and Turner, Cameron and Jerde, Christopher and Barnes, Matthew and Chadderton, William and Egan, Scott and Feder, Jeffrey and Mahon, Andrew and Pfrender, Michael},
year = {2012},
month = {06},
pages = {2555-8},
title = {Conservation in a cup of {Water}: {Estimating} {Biodiversity} and {Population} {Abundance} from {Environmental} {DNA}},
volume = {21},
journal = {Molecular ecology},
doi = {10.1111/j.1365-294X.2012.05600.x}
}

@article{amphibiandecline,
author = {Lannoo, Michael},
year = {2005},
month = {06},
pages = {},
title = {Amphibian {Declines}: The {Conservation} {Status} of {United} {States} {Species}},
journal = {Amphibian Declines: The Conservation Status of United States Species},
doi = {10.1525/california/9780520235922.001.0001}
}



F
@article{substrate,
author = {Jerde, Christopher and Olds, Brett and Shogren, Arial and Allan, Elizabeth and Mahon, Andrew and Bolster, Diogo and Tank, Jennifer},
year = {2016},
month = {07},
title = {The{Influence} of {Stream} {Bottom} {Substrate} on the {Retention} and {Transport} of {Vertebrate} {Environmental} {DNA}},
volume = {50},
journal = {Environmental Science and Technology},
doi = {10.1021/acs.est.6b01761}
}

@article{porous,
author = {Shogren, Arial and Tank, Jennifer and Allan, Elizabeth and Olds, Brett and Jerde, Christopher and Bolster, Diogo},
year = {2016},
month = {06},
pages = {20160290},
title = {Modelling the {Transport} of {Environmental} {DNA} through a {Porous} {Substrate} using {Continuous} {Flow}-through {Column} {Experiments}},
volume = {13},
journal = {Journal of The Royal Society Interface},
doi = {10.1098/rsif.2016.0290}
}

@article{streamdwelling,
author = {Wilcox, Taylor and McKelvey, Kevin and Young, Michael and Sepulveda, Adam and Shepard, Bradley and Jane, Stephen and Whiteley, Andrew and Lowe, Winsor and Schwartz, Michael},
year = {2016},
month = {02},
pages = {209-216},
title = {Understanding {Environmental} {DNA} {Detection} {Probabilities}: A {Case} {Study} using a {Stream}-dwelling char Salvelinus fontinalis},
volume = {194},
journal = {Biological Conservation},
doi = {10.1016/j.biocon.2015.12.023}
}

@article{aquaticsediment,
  title={Fish {Environmental} {DNA} is more {Concentrated} in {Aquatic} {Sediments} than {Surface} {Water}},
  author={Cameron R. Turner and Karen L. Uy and Robert Christopher Everhart},
  year={2015},
journal={Biological Conservation}
}



@article{freshwaterbiodiversity,
author = {Strayer, David},
year = {2010},
month = {03},
pages = {},
title = {Freshwater {Biodiversity} {Conservation}: {Recent} progress and {Future} {Challenges}},
volume = {29},
journal = {Journal of the North American Benthological Society},
doi = {10.1899/08-171.1}
}

@article{goby,
author = {Nevers, Meredith and Byappanahalli, Muruleedhara and Morris, Charles and Shively, Dawn and Przybyla-Kelly, Kasia and Spoljaric, Ashley and Dickey, Joshua and Roseman, Edward},
year = {2018},
month = {01},
pages = {e0191720},
title = {Environmental {DNA} ({eDNA}): A {Tool} for quantifying the {Abundant} but {Elusive} {Round} {Goby} ({Neogobius} melanostomus)},
volume = {13},
journal = {PLOS ONE},
doi = {10.1371/journal.pone.0191720}
}


@article{bentcable,
author = {Chiu, Grace and Lockhart, Richard and Routledge, Richard},
year = {2006},
month = {02},
pages = {542-553},
title = {Bent-Cable {Regression} {Theory} and {Applications}},
volume = {101},
journal = {Journal of the American Statistical Association},
doi = {10.1198/016214505000001177}
}



@article{piecewiseregression,
author = {Toms, Judith and Lesperance, Mary},
year = {2003},
month = {08},
pages = {2034-2041},
title = {Piecewise{ Regression}: {A} {Tool} for {Identifying} {Ecological} {Thresholds}},
volume = {84},
journal = {Ecology},
doi = {10.1890/02-0472}
}





@article{ecounderstanding,
author = {Beja-Pereira, Albano and Oliveira, Rita and Alves, Paulo and Schwartz, Michael and Luikart, Gordon},
year = {2009},
month = {09},
pages = {1279-301},
title = {Advancing {Ecological} {Understandings} through {Technological} {Transformations} in {Noninvasive} {Genetics}},
volume = {9},
journal = {Molecular ecology resources},
doi = {10.1111/j.1755-0998.2009.02699.x}
}



@article{rareaquatic,
author = {Jerde, Christopher and Mahon, Andrew and Chadderton, William and Lodge, David},
year = {2011},
month = {03},
pages = {150 - 157},
title = {Sight-unseen: {Detection} of {Rare} {Aquatic} {Species} using {Environmental} {DNA}},
volume = {4},
journal = {Conservation Letters},
doi = {10.1111/j.1755-263X.2010.00158.x}
}



@article{metabarcoding,
author = {Harper, Lynsey and Lawson Handley, Lori and Hahn, Christoph and Boonham, Neil and Rees, Helen and Gough, Kevin and Lewis, Erin and Adams, Ian and Brotherton, Peter and Phillips, Susanna and Hänfling, Bernd},
year = {2018},
month = {03},
pages = {},
title = {Needle in a haystack? A {Comparison} of {eDNA} {Metabarcoding} and {Targeted} {qPCR} for {Detection} of the {Great} {Crested} {Newt} ({Triturus} cristatus)},
volume = {8},
journal = {Ecology and Evolution},
doi = {10.1002/ece3.4013}
}



@article{fishmobility,
author = {Petty, Todd and Thorne, David and Huntsman, Brock and Mazik, Patricia},
year = {2014},
month = {04},
pages = {},
title = {The {Temperature}-{Productivity} {Squeeze}: {Constraints} on {Brook} {Trout} {Growth} along an {Appalachian} {River} {Continuum}},
volume = {727},
journal = {Hydrobiologia},
doi = {10.1007/s10750-013-1794-0}
}



@article{tempmet,
author = {Selong, Jason and Mcmahon, Thomas and Zale, Alexander and Barrows, Frederic},
year = {2001},
month = {11},
pages = {1026-1037},
title = {Effect of {Temperature} on {Growth} and {Survival} of {Bull} {Trout}, With {Application} of an {Improved} {Method} for {Determining} {Thermal} {Tolerance} in {Fishes}},
volume = {130},
journal = {Transactions of The American Fisheries Society - TRANS AMER FISH SOC},
doi = {10.1577/1548-8659(2001)130<1026:EOTOGA>2.0.CO;2}
}



@article{Dorazio,
author = {Dorazio, Robert and Royle, J. Andrew and Soderstrom, Bo and Glimskar, Anders},
year = {2006},
month = {05},
pages = {842-54},
title = {Estimating {Species} {Richness} and {Accumulation} by {Modeling} {Species} {Occurrence} and {Detectability}},
volume = {87},
journal = {Ecology},
doi = {10.1890/0012-9658(2006)87[842:ESRAAB]2.0.CO;2}
}

@article{richness,
author = {Hubbell, S.P.},
year = {2000},
month = {01},
pages = {},
title = {The Unified Neutral Theory of Biodiversity}
}


@article{estimatingsize,
author = {Dorazio, Robert and Royle, J. andrew},
year = {2005},
month = {02},
pages = {389-398},
title = {Estimating{ Size} and {Composition} of {Biological} {Communities} by {Modeling} the {Occurrence} of {Species}},
volume = {100},
journal = {Journal of the American Statistical Association},
doi = {10.1198/016214505000000015}
}






@article{GreenSturgeon,
author = {Bergman, Paul and Schumer, Gregg and Blankenship, Scott and Campbell, Elizabeth},
year = {2016},
month = {04},
pages = {e0153500},
title = {Detection of {Adult} {Green} {Sturgeon} Using {Environmental} {DNA} {Analysis}},
volume = {11},
journal = {PloS one},
doi = {10.1371/journal.pone.0153500}
}



@article{stepAIC,
author = { Toshie   Yamashita  and  Keizo   Yamashita  and  Ryotaro   Kamimura },
title = {A {Stepwise} {AIC} {Method} for {Variable} {Selection} in {Linear} {Regression}},
journal = {Communications in Statistics - Theory and Methods},
volume = {36},
number = {13},
pages = {2395-2403},
year  = {2007},
publisher = {Taylor & Francis},
doi = {10.1080/03610920701215639}
}


@article{noninvasive,
author = {Beja-Pereira, Albano and Oliveira, Rita and Alves, Paulo and Schwartz, Michael and Luikart, Gordon},
year = {2009},
month = {09},
pages = {1279-301},
title = {Advancing {Ecological} {Understandings} through {Technological} {Transformations} in {Noninvasive} {Genetics}},
volume = {9},
journal = {Molecular ecology resources},
doi = {10.1111/j.1755-0998.2009.02699.x}
}




@article{futureforensics,
author = {Allwood, Julia and Fierer, Noah and Dunn, Robert},
year = {2019},
month = {11},
pages = {},
title = {The {Future} of {Environmental} {DNA} in {Forensic} {Science}},
volume = {86},
journal = {Applied and Environmental Microbiology},
doi = {10.1128/AEM.01504-19}
}


@article{seasonal,
author = {De Souza, Lesley and Godwin, James and Renshaw, Mark and Larson, Eric},
year = {2016},
month = {10},
pages = {},
title = {Environmental {DNA} ({eDNA}) {Detection} {Probability} is {Influenced} by {Seasonal} {Activity} of {Organisms}},
volume = {11},
journal = {PLOS ONE},
doi = {10.1371/journal.pone.0165273}
}


@article{globaleDNA,
author = {Ruppert, Krista and Kline, Richard and Rahman, Md},
year = {2019},
month = {02},
pages = {e00547},
title = {Past, {Present}, and {Future} {Perspectives} of {Environmental} {DNA} ({eDNA}) {Metabarcoding}: {A} {Systematic} {Review} in {Methods}, {Monitoring}, and {Applications} of {Global} {eDNA}},
volume = {17},
journal = {Global Ecology and Conservation},
doi = {10.1016/j.gecco.2019.e00547}
}


@article{ecologicalfuture,
author = {Yoccoz, Nigel},
year = {2012},
month = {04},
pages = {2031-8},
title = {The {Future} of {Environmental} {DNA} in {Ecology}},
volume = {21},
journal = {Molecular ecology},
doi = {10.1111/j.1365-294X.2012.05505.x}
}





 @Manual{Rprogram,
    title = {R: {A} {Language} and {Environment} for {Statistical} {Computing}},
    author = {{R Core Team}},
    organization = {R Foundation for Statistical Computing},
    address = {Vienna, Austria},
    year = {2013},
    url = {http://www.R-project.org/},
  }



 @Manual{RobustModels,
    title = {robust: {Port} of the {S}+ {Robust} {Library}},
    author = {Jiahui Wang and Ruben Zamar and Alfio Marazzi and Victor Yohai and Matias Salibian-Barrera and Ricardo Maronna and Eric Zivot and David Rocke and Doug Martin and Martin Maechler and Kjell Konis.},
    year = {2020},
    note = {R package version 0.5-0.0},
    url = {https://CRAN.R-project.org/package=robust},
  }




@Manual{nlsTools,
    title = {A {Toolbox} for {Nonlinear} {Regression} in {R}: The {Package} {nlstools}},
    author = {Florent Baty and Christian Ritz and Sandrine Charles and Martin Brutsche and Jean-Pierre Flandrois and Marie-Laure Delignette-Muller},
    journal = {Journal of Statistical Software},
    year = {2015},
    volume = {66},
    number = {5},
    pages = {1--21},
    url = {http://www.jstatsoft.org/v66/i05/},
  }


@Manual{bentcable2,
    title = {SiZer: {Significant} {Zero} {Crossings}},
    author = {Derek Sonderegger},
    year = {2020},
    note = {R package version 0.1-7},
    url = {https://CRAN.R-project.org/package=SiZer},
  }





  @Book{MASS,
    title = {Modern {Applied} {Statistics} with {S}},
    author = {W. N. Venables and B. D. Ripley},
    publisher = {Springer},
    edition = {Fourth},
    address = {New York},
    year = {2002},
    note = {ISBN 0-387-95457-0},
    url = {http://www.stats.ox.ac.uk/pub/MASS4},
  }


 @Manual{mumin,
    title = {MuMIn: {Multi}-{Model} {Inference}},
    author = {Kamil Barton},
    year = {2020},
    note = {R Package Version 1.43.17},
    url = {https://CRAN.R-project.org/package=MuMIn},
  }

  @Manual{leaps,
    title = {leaps: {Regression} {Subset} {Selection}},
    author = {Thomas Lumley based on {Fortran} code by Alan Miller},
    year = {2020},
    note = {R Package Version 3.1},
    url = {https://CRAN.R-project.org/package=leaps},
  }


  @Book{ggplot,
    author = {Hadley Wickham},
    title = {ggplot2:{ Elegant} {Graphics} for {Data} {Analysis}},
    publisher = {Springer-Verlag New York},
    year = {2016},
    isbn = {978-3-319-24277-4},
    url = {https://ggplot2.tidyverse.org},
  }


  @Manual{kable,
    title = {kableExtra: {Construct} {Complex} {Table} with 'kable' and {Pipe} {Syntax}},
    author = {Hao Zhu},
    year = {2019},
    note = {R Package Version 1.1.0},
    url = {https://CRAN.R-project.org/package=kableExtra},
  }


  @Manual{ggthemes,
    title = {ggthemes: {Extra} {Themes}, {Scales} and {Geoms} for 'ggplot2'},
    author = {Jeffrey B. Arnold},
    year = {2019},
    note = {R Package Version 4.2.0},
    url = {https://CRAN.R-project.org/package=ggthemes},
  }


@Manual{fishforensics,
title={Fish {Forensics}: {Envrionmental} {DNA} {Detection} of {Juvenile} {Coho} {Salmon} and {Resident} {Salmonids} in {Pacific} {Coastal} {Streams}},
author={Jeffrey MacAdams},
year={2018},
}
  @Manual{latextoexp,
    title = {latex2exp: Use {LaTeX} {Expressions} in Plots},
    author = {Stefano Meschiari},
    year = {2015},
    note = {R Package Version 0.4.0},
    url = {http://github.com/stefano-meschiari/latex2exp},
  }


@Manual{hatchery,
title={The {Quantitation} of {Salmonid} {Envrionmental} {DNA} at {High} and {Low} {Copy} {Number}},
author={Hocking M.D, MacAdams J and Sneiderman R and Allison M, Bergman L and Koop B and Starzomski B and Lesperance M and Helbing C},
year={2020}
}


@Manual{SAS,
title={SAS {Software}},
author={SAS {Institute}},
year={2016}
}

@Manual{broom,
    title = {broom: {Convert} {Statistical} {Objects} into {Tidy} {Tibbles}},
    author = {David Robinson and Alex Hayes and Simon Couch},
    year = {2020},
    note = {R Package Version 0.7.0},
    url = {https://CRAN.R-project.org/package=broom},
  }

@Manual{berg,
year={2020},
author={L Bergman},
title={Courtesy of L. Bergman}
}

@article{PCA,
title={Principal {Component} {Analysis}, a {Review} and {Recent} {Developments}},
year={2016},
month={04},
volume={374},
author={Ian T. Jolliffe and Jorge Cadima},
journal={Philosophical Transactions}
}

  @Manual{facto,
    title = {factoextra: {Extract} and {Visualize} the {Results} of {Multivariate} {Data} {Analyses}},
    author = {Alboukadel Kassambara and Fabian Mundt},
    year = {2020},
    note = {R package version 1.0.7},
    url = {https://CRAN.R-project.org/package=factoextra},
  }



